 
  @Article{Ristenpart09,
  author = 	 {T. Ristenpart, E. Tromer, H. Shacham, and S. Savage},
  title = 	 { Hey, you, get off of my cloud: Exploring information leakage in third-party compute clouds},
  inproceedings=
  journal = 	 {Proceedings of the 16th ACM conference on Computer and communications security},
  publisher =    {ACM},
  year = 	 2009,
  pages = 	 {199--212}}
  
  
  @inproceedings{luxen-vetter-2011,
  author = {Luxen, Dennis and Vetter, Christian},
  title = {Real-time routing with OpenStreetMap data},
  booktitle = {Proceedings of the 19th ACM SIGSPATIAL International Conference on Advances in Geographic Information Systems},
  series = {GIS '11},
  year = {2011},
  isbn = {978-1-4503-1031-4},
  location = {Chicago, Illinois},
  pages = {513--516},
  numpages = {4},
  url = {http://doi.acm.org/10.1145/2093973.2094062},
  doi = {10.1145/2093973.2094062},
  acmid = {2094062},
  publisher = {ACM},
  address = {New York, NY, USA},
}
  
  @Article{zang12,
  author = 	 {Y. Zhang, A. Juels, M. K. Reiter, and T. Ristenpart},
  title = 	 {Cross-VM side channels and their use to extract private keys},
  journal = 	 {In Proceedings of the 2012 ACM conference on Computer and communications security,CCS ’12},
  publisher=     {ACM},
  
  pages = 	 {305--316}}
  
  
     