@inproceedings{Ristenpart:2009:HYG:1653662.1653687,
 author = {Ristenpart, Thomas and Tromer, Eran and Shacham, Hovav and Savage, Stefan},
 title = {Hey, You, Get off of My Cloud: Exploring Information Leakage in Third-party Compute Clouds},
 booktitle = {Proceedings of the 16th ACM Conference on Computer and Communications Security},
 series = {CCS '09},
 year = {2009},
 isbn = {978-1-60558-894-0},
 location = {Chicago, Illinois, USA},
 pages = {199--212},
 numpages = {14},
 url = {http://doi.acm.org/10.1145/1653662.1653687},
 doi = {10.1145/1653662.1653687},
 acmid = {1653687},
 publisher = {ACM},
 address = {New York, NY, USA},
 keywords = {cloud computing, side channels, virtual machine security},
}

@inproceedings{Zhang:2012:CSC:2382196.2382230,
 author = {Zhang, Yinqian and Juels, Ari and Reiter, Michael K. and Ristenpart, Thomas},
 title = {Cross-VM Side Channels and Their Use to Extract Private Keys},
 booktitle = {Proceedings of the 2012 ACM Conference on Computer and Communications Security},
 series = {CCS '12},
 year = {2012},
 isbn = {978-1-4503-1651-4},
 location = {Raleigh, North Carolina, USA},
 pages = {305--316},
 numpages = {12},
 url = {http://doi.acm.org/10.1145/2382196.2382230},
 doi = {10.1145/2382196.2382230},
 acmid = {2382230},
 publisher = {ACM},
 address = {New York, NY, USA},
 keywords = {cache-based side channel, cross-vm side channel, side-channel attack},
}

https://www.gnupg.org/. [Accès le 25 Juillet 2015].

@inproceedings {184415,
	author = {Yuval Yarom and Katrina Falkner},
	title = {FLUSH+RELOAD: A High Resolution, Low Noise, L3 Cache Side-Channel Attack},
	booktitle = {23rd USENIX Security Symposium (USENIX Security 14)},
	year = {2014},
	isbn = {978-1-931971-15-7},
	address = {San Diego, CA},
	pages = {719--732},
	url = {https://www.usenix.org/conference/usenixsecurity14/technical-sessions/presentation/yarom},
	publisher = {USENIX Association},
}


@inproceedings {180212,
	author = {Taesoo Kim and Marcus Peinado and Gloria Mainar-Ruiz},
	title = {STEALTHMEM: System-Level Protection Against Cache-Based Side Channel Attacks in the Cloud},
	booktitle = {Presented as part of the 21st USENIX Security Symposium (USENIX Security 12)},
	year = {2012},
	isbn = {978-931971-95-9},
	address = {Bellevue, WA},
	pages = {189--204},
	url = {https://www.usenix.org/conference/usenixsecurity12/technical-sessions/presentation/kim},
	publisher = {USENIX},
}


@inproceedings{Zhang:2013:DRC:2541806.2516741,
 author = {Zhang, Yinqian and Reiter, Michael K.},
 title = {D\&\#252;ppel: retrofitting commodity operating systems to mitigate cache side channels in the cloud},
 booktitle = {Proceedings of the 2013 ACM SIGSAC conference on Computer \&\#38; communications security},
 series = {CCS '13},
 year = {2013},
 isbn = {978-1-4503-2477-9},
 location = {Berlin, Germany},
 pages = {827--838},
 numpages = {12},
 url = {http://doi.acm.org/10.1145/2508859.2516741},
 doi = {10.1145/2508859.2516741},
 acmid = {2516741},
 publisher = {ACM},
 address = {New York, NY, USA},
 keywords = {cache-based side channel, cross-vm side channel, side-channel attack},
}

@ARTICLE{6899633,
author={Godfrey, M. and Zulkernine, M.},
journal={Cloud Computing, IEEE Transactions on},
title={Preventing Cache-Based Side-Channel Attacks in a Cloud Environment},
year={2014},
month={Oct},
volume={2},
number={4},
pages={395-408},
keywords={cache storage;cloud computing;cryptography;resource
allocation;CPU-cache based side-channels;cache-based side-channel attack
prevention;cloud computing;hardware side-channel;information
leakage;resource sharing;Cache storage;Cloud computing;Computer
security;Context modeling;Memory management;Switches;Virtual machine
monitors;CPU cache;Cloud computing;parallel
side-channel;performance;security;sequential side-channel;side-channel},
doi={10.1109/TCC.2014.2358236},
ISSN={2168-7161},}


@INPROCEEDINGS{5958812,
author={Jicheng Shi and Xiang Song and Haibo Chen and Binyu Zang},
booktitle={Dependable Systems and Networks Workshops (DSN-W), 2011
IEEE/IFIP 41st International Conference on},
title={Limiting cache-based side-channel in multi-tenant cloud using
dynamic page coloring},
year={2011},
month={June},
pages={194-199},
keywords={cache storage;cloud computing;cryptography;data
visualisation;peer-to-peer computing;virtual machines;Xen;cache-based
side-channel;crypto keys;dynamic page coloring;encryption
process;multitenant cloud;pay-as-you-go style;resource
sharing;security-critical information;utility-like computing
resources;virtual machines;visualization;Color;Encryption;Image color
analysis;Multicore processing;Optimization},
doi={10.1109/DSNW.2011.5958812},}

@INPROCEEDINGS{6973725,
author={Caron, E. and Cornabas, J.R.},
booktitle={Cloud Computing (CLOUD), 2014 IEEE 7th International
Conference on},
title={Improving Users' Isolation in IaaS: Virtual Machine Placement
with Security Constraints},
year={2014},
month={June},
pages={64-71},
keywords={cloud computing;security of data;virtual
machines;IaaS;VM;cloud platforms;data leak;isolation
requirements;micro-architectural components;noisy neighbors;public
clouds;security constraints;user isolation;virtual machine
placement;virtualization;Cloud computing;Clustering
algorithms;Complexity
theory;Nickel;Security;Sorting;Virtualization;Cloud
Computing;Covert-channel;Hierarchical VM
Placement;IaaS;Isolation;Security},
doi={10.1109/CLOUD.2014.19},}

@INPROCEEDINGS{7214094,
author={Lefray, Arnaud and Caron, Eddy and Rouzaud-Cornabas, Jonathan and Toinard, Christian},
booktitle={Cloud Computing (CLOUD), 2015 IEEE 8th International Conference on},
title={Microarchitecture-Aware Virtual Machine Placement under Information Leakage Constraints},
year={2015},
month={June},
pages={588-595},
keywords={Cloud;Covert channels;Isolation;Microarchitecture;Security;Virtual Machine Placement},
doi={10.1109/CLOUD.2015.84},}

@INPROCEEDINGS{6575299,
author={Peng Li and Debin Gao and Reiter, M.K.},
booktitle={Dependable Systems and Networks (DSN), 2013 43rd Annual IEEE/IFIP International Conference on},
title={Mitigating access-driven timing channels in clouds using StopWatch},
year={2013},
month={June},
pages={1-12},
keywords={cloud computing;operating systems (computers);security of data;virtual machines;StopWatch clouds;VM;external observer;infrastructure-as-a-service clouds;mitigating access driven timing channels;timing based side channel attacks;virtual machine;Clocks;Hardware;Radiation detectors;Real-time systems;Synchronization;Virtual machine monitors},
doi={10.1109/DSN.2013.6575299},
ISSN={1530-0889},} 

@INPROCEEDINGS{6237011,
author={Martin, R. and Demme, J. and Sethumadhavan, S.},
booktitle={Computer Architecture (ISCA), 2012 39th Annual International Symposium on},
title={TimeWarp: Rethinking timekeeping and performance monitoring mechanisms to mitigate side-channel attacks},
year={2012},
month={June},
pages={118-129},
keywords={cache storage;security of data;software maintenance;software performance evaluation;TimeWarp;data caches;general mitigation strategy;instruction caches;microarchitectural side channels;mitigate side-channel attacks;performance monitoring mechanisms;rethinking timekeeping;security attacks;sensitive data protection;side-channel attacks;software refactoring;thwarting attacks;Delay;Hardware;Microarchitecture;Radiation detectors;Registers;Software},
doi={10.1109/ISCA.2012.6237011},
ISSN={1063-6897},}

@inproceedings {184399,
	author = {Venkatanathan Varadarajan and Thomas Ristenpart and Michael Swift},
	title = {Scheduler-based Defenses against Cross-VM Side-channels},
	booktitle = {23rd USENIX Security Symposium (USENIX Security 14)},
	year = {2014},
	isbn = {978-1-931971-15-7},
	address = {San Diego, CA},
	pages = {687--702},
	url = {https://www.usenix.org/conference/usenixsecurity14/technical-sessions/presentation/varadarajan},
	publisher = {USENIX Association},
}


NIST. [En ligne]. Available: http://csrc.nist.gov/publications/nistpubs/800-145/SP800-145.pdf

[En ligne]. Available: http://www.gridcomputing.com/. [Accès le 2015].

[En ligne]. Available: https://www.openstack.org/. [Accès le 2015].

[En ligne]. Available: http://aws.amazon.com/fr/. [Accès le 2015].


@inproceedings{Wailly:2012:VMS:2371536.2371564,
 author = {Wailly, Aur{\'e}lien and Lacoste, Marc and Debar, Herv{\'e}},
 title = {VESPA: Multi-layered Self-protection for Cloud Resources},
 booktitle = {Proceedings of the 9th International Conference on Autonomic Computing},
 series = {ICAC '12},
 year = {2012},
 isbn = {978-1-4503-1520-3},
 location = {San Jose, California, USA},
 pages = {155--160},
 numpages = {6},
 url = {http://doi.acm.org/10.1145/2371536.2371564},
 doi = {10.1145/2371536.2371564},
 acmid = {2371564},
 publisher = {ACM},
 address = {New York, NY, USA},
 keywords = {autonomic computing, cloud security, iaas, self-protection},
} 


«OpenCloudware FSN funded R&D project,» 2012. [En ligne]. Available: http://www.ow2.org/bin/view/Collaborative_Projects/OpenCloudware.

IBM, «An architectural blueprint for autonomic computing.,» 2005. [En ligne]. Available: http://www-03.ibm.com/autonomic/pdfs/AC%20Blueprint%20White%20Paper%20V7.pdf. [Accès le 2015].
[En ligne]. Available: 
https://townsendsecurity.com/sites/default/files/AES_Introduction.pdf. [Accès le Juillet 2015].

En ligne]. Available: https://people.csail.mit.edu/rivest/Rsapaper.pdf. [Accès le Juillet 2015].

@INPROCEEDINGS{4041191,
author={Zhenghong Wang and Lee, R.B.},
booktitle={Computer Security Applications Conference, 2006. ACSAC '06. 22nd Annual},
title={Covert and Side Channels Due to Processor Architecture},
year={2006},
month={Dec},
pages={473-482},
keywords={cache storage;computer architecture;security of data;RPCache;cache-based software side channel attacks;covert channels;information leakage;processor architecture;random permutation cache;selective partitioning;side channels;Application software;Channel capacity;Computer architecture;Cryptography;Hardware;Information security;Multithreading;Performance analysis;Software performance;Timing},
doi={10.1109/ACSAC.2006.20},
ISSN={1063-9527},}

Introductionn to Cryptographic Side-Channel Attacks,» 12 Février 2014. [En ligne]. Available: http://www.cs.unc.edu/~reiter/courses/fall2014/notes/SideChannels.pdf. [Accès le 10 Juillet 2015].


@inproceedings{Kocher:1999:DPA:646764.703989,
 author = {Kocher, Paul C. and Jaffe, Joshua and Jun, Benjamin},
 title = {Differential Power Analysis},
 booktitle = {Proceedings of the 19th Annual International Cryptology Conference on Advances in Cryptology},
 series = {CRYPTO '99},
 year = {1999},
 isbn = {3-540-66347-9},
 pages = {388--397},
 numpages = {10},
 url = {http://dl.acm.org/citation.cfm?id=646764.703989},
 acmid = {703989},
 publisher = {Springer-Verlag},
 address = {London, UK, UK},
} 

http://www.xenproject.org/


@inproceedings{Osvik:2006:CAC:2117739.2117741,
 author = {Osvik, Dag Arne and Shamir, Adi and Tromer, Eran},
 title = {Cache Attacks and Countermeasures: The Case of AES},
 booktitle = {Proceedings of the 2006 The Cryptographers' Track at the RSA Conference on Topics in Cryptology},
 series = {CT-RSA'06},
 year = {2006},
 isbn = {3-540-31033-9, 978-3-540-31033-4},
 location = {San Jose, CA},
 pages = {1--20},
 numpages = {20},
 url = {http://dx.doi.org/10.1007/11605805_1},
 doi = {10.1007/11605805_1},
 acmid = {2117741},
 publisher = {Springer-Verlag},
 address = {Berlin, Heidelberg},
 keywords = {AES, cache, cryptanalysis, memory access, side-channel attack},
} 

@inproceedings{Zhang:2014:CSA:2660267.2660356,
 author = {Zhang, Yinqian and Juels, Ari and Reiter, Michael K. and Ristenpart, Thomas},
 title = {Cross-Tenant Side-Channel Attacks in PaaS Clouds},
 booktitle = {Proceedings of the 2014 ACM SIGSAC Conference on Computer and Communications Security},
 series = {CCS '14},
 year = {2014},
 isbn = {978-1-4503-2957-6},
 location = {Scottsdale, Arizona, USA},
 pages = {990--1003},
 numpages = {14},
 url = {http://doi.acm.org/10.1145/2660267.2660356},
 doi = {10.1145/2660267.2660356},
 acmid = {2660356},
 publisher = {ACM},
 address = {New York, NY, USA},
 keywords = {cache-based side channels, cloud security, platform-as-a-service, side-channel attacks},
} 



@INPROCEEDINGS{5958037,
author={Yinqian Zhang and Juels, A. and Oprea, A. and Reiter, M.K.},
booktitle={Security and Privacy (SP), 2011 IEEE Symposium on},
title={HomeAlone: Co-residency Detection in the Cloud via Side-Channel Analysis},
year={2011},
month={May},
pages={313-328},
keywords={cache storage;cloud computing;formal verification;operating system kernels;security of data;ubiquitous computing;virtual machines;virtualisation;HomeAlone;L2 memory cache;cache usage;cloud computing;co-residency detection;co-resident foe VM activity detection;defensive detection tool;guest operating system kernel modifications;pervasive virtualization;physical co-residency;side-channel analysis;virtual machines;Cloud computing;Hardware;Monitoring;Probes;Timing;Virtual machine monitors;Virtual machining;Cloud computing;Infrastructure-as-a-Service (IaaS);co-residency detection;side-channel analysis},
doi={10.1109/SP.2011.31},
ISSN={1081-6011},} 

@INPROCEEDINGS{5207888,
author={Xinxin Jin and Haogang Chen and Xiaolin Wang and Zhenlin Wang and Xiang Wen and Yingwei Luo and Xiaoming Li},
booktitle={Parallel and Distributed Processing with Applications, 2009 IEEE International Symposium on},
title={A Simple Cache Partitioning Approach in a Virtualized Environment},
year={2009},     
month={Aug},
pages={519-524},
keywords={cache storage;operating systems (computers);resource allocation;virtual machines;I/O devices;SPEC CPU 2006 benchmarks;Xen virtual machine monitors;cache partitioning approach;lower-level shared cache usage;memory;operating sytem;page coloring technique;resource isolation;Application software;Application virtualization;Computer science;Distributed processing;Operating systems;USA Councils;Virtual machine monitors;Virtual machining;Virtual manufacturing;Voice mail;Cache partitioning;Performance Isolation;Virtual Machine},
doi={10.1109/ISPA.2009.47},}


@article{Taylor:1990:TSL:325096.325161,
 author = {Taylor, George and Davies, Peter and Farmwald, Michael},
 title = {The TLB Slice\&Mdash;a Low-cost High-speed Address Translation Mechanism},
 journal = {SIGARCH Comput. Archit. News},
 issue_date = {June 1990},
 volume = {18},
 number = {2SI},
 month = may,
 year = {1990},
 issn = {0163-5964},
 pages = {355--363},
 numpages = {9},
 url = {http://doi.acm.org/10.1145/325096.325161},
 doi = {10.1145/325096.325161},
 acmid = {325161},
 publisher = {ACM},
 address = {New York, NY, USA},
} 

P. Mell et T. Grance, NIST Special Publication 800-145 The Definition of Cloud Computing, Gaithersburg, 2001. 






 